@book{enderby2008fda,
  title     = {FDA-2: Frenchay Dysarthria Assessment: Examiner's Manual},
  author    = {Enderby, Pamela M. and Palmer, Rebecca},
  year      = {2008},
  publisher = {Pro-ed}
}
@article{Goetz2008,
  title     = {Movement disorder society-sponsored revision of the unified Parkinson’s disease rating scale (MDS-UPDRS): scale presentation and clinimetric testing results},
  author    = {Goetz, Christopher G. and Tilley, Barbara C. and Shaftman, Stephanie R. and Stebbins, Glenn T. and Fahn, Stanley and Martinez-Martin, Pablo and Poewe, Werner and Sampaio, Cristina and Stern, Matthew B. and Dodel, Richard and others},
  journal   = {Movement disorders: official journal of the Movement Disorder Society},
  volume    = {23},
  number    = {15},
  pages     = {2129--2170},
  year      = {2008},
  publisher = {Wiley Online Library}
}
@article{orozco2018neurospeech,
  title={NeuroSpeech: An open-source software for Parkinson's speech analysis},
  author={Orozco-Arroyave, Juan Rafael and Vasquez-Correa, Juan Camilo and Vargas-Bonilla, Jes{\'u}s Francisco and Arora, Rohan and Dehak, Najim and Nidadavolu, Prashanth S and Christensen, Heidi and Rudzicz, Frank and Yancheva, Maria and Chinaei, Hamid and others},
  journal={Digital Signal Processing},
  volume={77},
  pages={207--221},
  year={2018},
  publisher={Elsevier}
}
@article{hanson1984cinegraphic,
  title={Cinegraphic observations of laryngeal function in Parkinson’s disease},
  author={Hanson, D. G. and Gerratt, B. R. and Ward, P. H.},
  journal={The Laryngoscope},
  volume={94},
  number={3},
  pages={348--353},
  year={1984},
  publisher={Wiley Online Library}
}
